<record><leader>00000cas a2200000 a 4500</leader><controlfield tag="001">11285115</controlfield><controlfield tag="008">841019d187u18uuiluwr ne      0   a0eng c</controlfield><datafield ind1=" " ind2=" " tag="010"><subfield code="a">sn 84038369 </subfield></datafield><datafield ind1=" " ind2=" " tag="040"><subfield code="a">NPX</subfield><subfield code="b">eng</subfield><subfield code="c">NPX</subfield><subfield code="d">NPU</subfield><subfield code="d">NVF</subfield><subfield code="d">OCLCQ</subfield><subfield code="d">NVF</subfield><subfield code="d">OCLCQ</subfield><subfield code="d">NVF</subfield><subfield code="d">OCLCF</subfield><subfield code="d">OCLCO</subfield></datafield><datafield ind1="1" ind2=" " tag="029"><subfield code="a">AU@</subfield><subfield code="b">000040398607</subfield></datafield><datafield ind1=" " ind2=" " tag="042"><subfield code="a">pcc</subfield></datafield><datafield ind1=" " ind2=" " tag="043"><subfield code="a">n-us-il</subfield></datafield><datafield ind1="0" ind2=" " tag="130"><subfield code="a">Carrollton patriot (Carrollton, Ill. : 1873)</subfield></datafield><datafield ind1="1" ind2="4" tag="245"><subfield code="a">The Carrollton patriot.</subfield></datafield><datafield ind1=" " ind2=" " tag="260"><subfield code="a">Carrollton, Ill. :</subfield><subfield code="b">Lee &amp; Lusk</subfield></datafield><datafield ind1=" " ind2=" " tag="300"><subfield code="a">v.</subfield></datafield><datafield ind1=" " ind2=" " tag="310"><subfield code="a">Weekly</subfield></datafield><datafield ind1=" " ind2=" " tag="588"><subfield code="a">Description based on: Vol. 10, no. 12 (Mar. 20, 1873).</subfield></datafield><datafield ind1=" " ind2=" " tag="588"><subfield code="a">Latest issue consulted: Nov. 7, 1879.</subfield></datafield><datafield ind1=" " ind2="0" tag="651"><subfield code="a">Carrollton (Ill.)</subfield><subfield code="v">Newspapers.</subfield></datafield><datafield ind1=" " ind2="7" tag="655"><subfield code="a">Newspapers.</subfield><subfield code="2">fast</subfield><subfield code="0">(OCoLC)fst01423814</subfield></datafield><datafield ind1=" " ind2="7" tag="651"><subfield code="a">Illinois</subfield><subfield code="z">Carrollton.</subfield><subfield code="2">fast</subfield><subfield code="0">(OCoLC)fst01238088</subfield></datafield><datafield ind1=" " ind2=" " tag="752"><subfield code="a">United States</subfield><subfield code="b">Illinois</subfield><subfield code="c">Greene</subfield><subfield code="d">Carrollton.</subfield></datafield><datafield ind1="0" ind2="0" tag="780"><subfield code="t">Illinois Carrollton patriot</subfield><subfield code="w">(DLC)sn 91054813</subfield><subfield code="w">(OCoLC)25066086</subfield></datafield></record>